% Encoding: UTF-8
@misc{dropbox_api,
  author    = {Dropbox, Inc.},
  title     = {Dropbox API Documentation},
  year      = {2024},
  url       = {https://www.dropbox.com/developers/documentation},
  urldate   = {2024-11-15}
}

@misc{dropbox_oauth,
  author    = {Dropbox, Inc.},
  title     = {Dropbox OAuth 2.0 Authentication},
  year      = {2024},
  url       = {https://www.dropbox.com/developers/reference/oauth-guide},
  urldate   = {2024-11-15}
}

@misc{aws_s3,
  author    = {Amazon Web Services},
  title     = {Amazon S3 Documentation},
  year      = {2024},
  url       = {https://aws.amazon.com/s3/},
  urldate   = {2024-11-15}
}

@misc{aws_iam,
  author    = {Amazon Web Services},
  title     = {IAM Documentation},
  year      = {2024},
  url       = {https://aws.amazon.com/iam/},
  urldate   = {2024-11-15}
}

@misc{aws_pricing,
  author    = {Amazon Web Services},
  title     = {Amazon S3 Pricing},
  year      = {2024},
  url       = {https://aws.amazon.com/s3/pricing/},
  urldate   = {2024-11-15}
}

@misc{nextcloud_features,
  author    = {Nextcloud},
  title     = {Nextcloud Features},
  year      = {2024},
  url       = {https://nextcloud.com/features/},
  urldate   = {2024-11-15}
}

@misc{nextcloud_sso,
  author    = {Nextcloud},
  title     = {Nextcloud Single Sign-On},
  year      = {2024},
  url       = {https://nextcloud.com/sso/},
  urldate   = {2024-11-15}
}

@misc{azure_blob,
  author    = {Microsoft},
  title     = {Azure Blob Storage Documentation},
  year      = {2024},
  url       = {https://azure.microsoft.com/en-us/services/storage/blobs/},
  urldate   = {2024-11-15}
}

@misc{azure_ad,
  author    = {Microsoft},
  title     = {Azure Active Directory Documentation},
  year      = {2024},
  url       = {https://azure.microsoft.com/en-us/services/active-directory/},
  urldate   = {2024-11-15}
}

@misc{azure_pricing,
  author    = {Microsoft},
  title     = {Azure Pricing Calculator},
  year      = {2024},
  url       = {https://azure.microsoft.com/en-us/pricing/calculator/},
  urldate   = {2024-11-15}
}

@misc{google_storage,
  author    = {Google Cloud},
  title     = {Google Cloud Storage},
  year      = {2024},
  url       = {https://cloud.google.com/storage},
  urldate   = {2024-11-15}
}

@misc{google_iam,
  author    = {Google Cloud},
  title     = {Identity and Access Management (IAM)},
  year      = {2024},
  url       = {https://cloud.google.com/iam},
  urldate   = {2024-11-15}
}

@misc{google_pricing,
  author    = {Google Cloud},
  title     = {Google Cloud Pricing},
  year      = {2024},
  url       = {https://cloud.google.com/pricing},
  urldate   = {2024-11-15}
}

@misc{digitalocean_spaces,
  author    = {DigitalOcean},
  title     = {DigitalOcean Spaces Documentation},
  year      = {2024},
  url       = {https://www.digitalocean.com/products/spaces/},
  urldate   = {2024-11-15}
}

@misc{digitalocean_pricing,
  author    = {DigitalOcean},
  title     = {DigitalOcean Pricing},
  year      = {2024},
  url       = {https://www.digitalocean.com/pricing/},
  urldate   = {2024-11-15}
}

@misc{ngx_dropzone,
  author    = {MichaÃ«l Zasso},
  title     = {ngx-dropzone: Angular Dropzone Wrapper},
  year      = {2024},
  url       = {https://github.com/peterfreeman/ngx-dropzone},
  urldate   = {2024-04-30}
}

@misc{angular_file_manager,
  author    = {Angular File Manager},
  title     = {Angular File Manager Documentation},
  year      = {2024},
  url       = {https://github.com/elpupi/angular-filemanager},
  urldate   = {2024-04-30}
}

@misc{ngx_filemanager,
  author    = {B\"{a}umchen, Bernhard},
  title     = {ngx-filemanager: Firebase \& Angular File Manager},
  year      = {2024},
  url       = {https://github.com/benwinding/ngx-filemanager},
  urldate   = {2024-04-30}
}

@misc{firebase_storage,
  author    = {Google Firebase},
  title     = {Firebase Storage Documentation},
  year      = {2024},
  url       = {https://firebase.google.com/docs/storage},
  urldate   = {2024-04-30}
}

@misc{firebase_auth,
  author    = {Google Firebase},
  title     = {Firebase Authentication Documentation},
  year      = {2024},
  url       = {https://firebase.google.com/docs/auth},
  urldate   = {2024-04-30}
}

@misc{angular_fire,
  author    = {Angular Firebase},
  title     = {AngularFire: The official Angular library for Firebase},
  year      = {2024},
  url       = {https://github.com/angular/angularfire},
  urldate   = {2024-04-30}
}

@misc{cloudinary_angular,
  author    = {Cloudinary Inc.},
  title     = {Cloudinary Angular SDK},
  year      = {2024},
  url       = {https://cloudinary.com/documentation/angular_integration},
  urldate   = {2024-04-30}
}

@misc{spaces_api,
  author    = {DigitalOcean},
  title     = {Spaces API Reference},
  year      = {2024},
  url       = {https://docs.digitalocean.com/reference/api/spaces-api/},
  urldate   = {2024-04-30}
}

@misc{jwt_auth,
  author    = {JWT.io},
  title     = {Introduction to JSON Web Tokens},
  year      = {2024},
  url       = {https://jwt.io/introduction},
  urldate   = {2024-04-30}
}

@Comment{jabref-meta: databaseType:biblatex;}