% Encoding: UTF-8

@Online{Dropbox2024,
  author    = {Dropbox},
  title     = {Pricing and plans},
  year      = {2024},
  url       = {https://www.dropbox.com/plans},
  note      = {Geraadpleegd van https://www.dropbox.com/plans},
}

@Online{AWS2024,
  author    = {Amazon Web Services},
  title     = {Amazon S3 pricing},
  year      = {2024},
  url       = {https://aws.amazon.com/s3/pricing},
  note      = {Geraadpleegd van https://aws.amazon.com/s3/pricing},
}

@Online{Nextcloud2024,
  author    = {Nextcloud},
  title     = {Nextcloud pricing},
  year      = {2024},
  url       = {https://nextcloud.com/pricing},
  note      = {Geraadpleegd van https://nextcloud.com/pricing},
}

@Comment{jabref-meta: databaseType:biblatex;}
